@misc{wiki1,
  author = {Ayush Agarwal},
  title = {{Wikipedia}},
  howpublished = "\url{http://en.wikipedia.org/wiki/Arithmetic_progression}",
  year = {2008}, 
  note = "[Online; accessed 26-January-2015]"
  }
  
@misc{wiki2,
  author = {Ayush Agarwal},
  title = {{Wikipedia}},
  howpublished = "\url{http://en.wikipedia.org/wiki/Geometric_progression}",
  year = {2008}, 
  note = "[Online; accessed 26-January-2015]"
}
